<?xml version="1.0" encoding="UTF-8"?><collection xmlns="http://www.loc.gov/MARC21/slim"><record><leader>00379nam--2200133-i-4500</leader><controlfield tag="001">000041670</controlfield><controlfield tag="002">20161230</controlfield><controlfield tag="005">20161230201043</controlfield><controlfield tag="008">060222s1000------------r-----000-0-eng-d</controlfield><datafield ind1=" " ind2=" " tag="080"><subfield code="a">543.51/53:539.143:53.081</subfield></datafield><datafield ind1=" " ind2=" " tag="100"><subfield code="a">Simons,W.W. And Zanger,M</subfield></datafield><datafield ind1=" " ind2=" " tag="245"><subfield code="a">The sadtler guide to nmr spectra</subfield></datafield><datafield ind1=" " ind2=" " tag="260"><subfield code="a">Philadelphia, Sadtler Research Laboratories Inc.,1972. 52o P</subfield></datafield><datafield ind1=" " ind2=" " tag="852"><subfield code="a">38153</subfield></datafield></record></collection>